%Some examples of references: if you search for publications in Google Scholar, you can copy the reference in BibTex format, which is quite neat. 

@article{moore2008defining,
  title={Defining privacy},
  author={Moore, Adam},
  journal={Journal of Social Philosophy},
  volume={39},
  number={3},
  pages={411--428},
  year={2008},
  publisher={Wiley Online Library}
}

@incollection{decew2018conceptual,
  title={The Conceptual Coherence of Privacy As Developed in Law},
  author={DeCew, Judith Wagner},
  booktitle={Core Concepts and Contemporary Issues in Privacy},
  pages={17--30},
  year={2018},
  publisher={Springer}
}



@inproceedings{almuhimedi2015your,
  title={Your location has been shared 5,398 times! A field study on mobile app privacy nudging},
  author={Almuhimedi, Hazim and Schaub, Florian and Sadeh, Norman and Adjerid, Idris and Acquisti, Alessandro and Gluck, Joshua and Cranor, Lorrie Faith and Agarwal, Yuvraj},
  booktitle={Proceedings of the 33rd annual ACM conference on human factors in computing systems},
  pages={787--796},
  year={2015}
}




